%% ---------------------------------------------------------------
%% biblatex-ieee --- A biblatex implementation of the IEEE 
%%   bibliography style
%% Maintained by Joseph Wright
%% E-mail: joseph.wright at morningstar2.co.uk
%% Released under the LaTeX Project Public License v1.3c or later
%% See http://www.latex-project.org/lppl.txt
%% ---------------------------------------------------------------
%% 

% The example here are all taken from "IEEEexample.bib", part of the
% IEEEttran bundle which provides official support for IEEE journals.
% The entries have been modified to follow the conventions introduced
% by biblatex. The keys have been retained to allow direct comparison
% of the two approaches.
@article{pattforpy,
  author        = "De Smedt, T. & Daelemans, W.",
  title         = "Pattern for Python",
  journaltitle  = "Journal of Machine Learning Research 13 (2012) 2063-2067",
}
@online{clips,
  author        = "CLiPS",
  title         = "Sitio Oficial de Pattern",
  url           = "http://www.clips.ua.ac.be/pages/pattern",
}
@online{bsoup,
  title         = "Beautiful Soup Documentation",
  url           = "https://www.crummy.com/software/BeautifulSoup/bs4/doc/",
  year          = "2004-2015"
}
@online{pdfminer,
  title         = "PDFMiner Documentation",
  url           = "https://euske.github.io/pdfminer/index.html",
  year          = "2004-2014"
}
@online{feedparser,
  title         = "feedparser 5.2.0 documentation",
  url           = "https://packages.python.org/feedparser",
  year          = "2004-2008"
}

@online{repopatternes,
  author        = "Clips",
  title         = "Pattern-es github repository",
  url           = "https://github.com/clips/pattern/tree/master/pattern/text/es",
  year          = "2017"
}

@book{inbookpagesnote,
  author        = "B. K. Bul",
  title         = "Theory Principles and Design of Magnetic Circuits",
  publisher     = "Energia Press",
  loction       = "Moscow",
  year          = "1964",
  pages         = "464",
  note          = "(in Russian)"
}

@book{bookwithseriesvolume,
  editor        = "J. Breckling",
  title         = "The Analysis of Directional Time Series: applications to
                   Wind Speed and Direction",
  series        = "Lecture Notes in Statistics",
  publisher     = "Springer",
  address       = "Berlin, Germany",
  year          = "1989",
  volume        = "61"
}

@book{book_typical,
  author        = "B. D. Cullity",
  title         = "Introduction to Magnetic Materials",
  publisher     = "Addison--Wesley",
  location      = "Reading, MA",
  year          = "1972"
}

@inbook{incollectionmanyauthors,
  author        = "R. M. A. Dawson and Z. Shen and D. A. Furst and
                   S. Connor and J. Hsu and M. G. Kane and R. G. Stewart and
                   A. Ipri and C. N. King and P. J. Green and R. T. Flegal
                   and S. Pearson and W. A. Barrow and E. Dickey and K. Ping
                   and C. W. Tang and S. Van. Slyke and
                   F. Chen and J. Shi and J. C. Sturm and M. H. Lu",
  title         = "Design of an Improved Pixel for a Polysilicon 
                   Active-Matrix Organic {LED} Display",
  booktitle     = "{SID} Tech. Dig.",
  volume        = "29",
  year          = "1998",
  pages         = "11-14"
}

@inbook{repeatedauthorone,
  author    = "W. Dai and H. V. Pham and O. Milenkovic",
  title     = "Distortion-rate functions for quantized compressive sensing",
  booktitle =
    "IEEE Information Theory Workshop on Networking and Information Theory",
  year      = "2009"
}

@inbook{repeatedauthortwo,
  author    = "W. Dai and H. V. Pham and O. Milenkovic",
  title     = "comparative study of quantized compressive sensing schemes",
  booktitle = 
    "IEEE Information Theory Workshop on Networking and Information Theory",
  year      = "2009"
}

@inproceedings{presentedatconf,
  author        = "S. G. Finn and M. M{\'e}dard and R. A. Barry",
  title         = "A Novel Approach to Automatic Protection Switching
                   Using Trees",
  eventtitle    = "{IEEE} International Conference on Communications",
  location      = "Montreal, Que., Canada",
  year          = "1997"
}
